@Misc{,
 author      = {Anon},
 title       = {Nothing},
 year        = {2023},
}
