@blog{raymond00:_reven_hacker,
 author       = {Raymond, Eric S.},
 title        = {Revenge of the Hackers},
 year         = {2000},
 tags         = {hacking,history,open_source},
 file         = {/media/john/data/library/pdfs/2000/Raymond/hacker-revenge.pdf},
 url          = {http://catb.org/~esr/writings/},
}

@blog{pincus05:_comput,
 author       = {Pincus, Jonathan D.},
 title        = {Computer science is really a social science},
 year         = {2005},
 tags         = {HCI,computer_science,paradigm_shift,social_science,software_engineering},
 file         = {/media/john/data/library/pdfs/2005/Pincus/Computer science is really a social science.pdf},
 url          = {http://www.achangeiscoming.net/docs/cssocsci.html},
}

@blog{nystrom15:_what_color_is_your_funct,
 author       = {Nystrom, Bob},
 title        = {What Color Is Your Function?},
 year         = {2015},
 tags         = {moands,software_engineering,programming,javascript,async_await},
 file         = {/media/john/data/library/pdfs/2015/Nystrom/Nystrom_2015_What_Color_Is_Your_Function.pdf},
 url          = {https://journal.stuffwithstuff.com/2015/02/01/what-color-is-your-function/},
}

@blog{bajiee19:_when_warham_was_radic,
 author       = {Bajiee, Zhu},
 title        = {When Warhammer Was Radical},
 subtitle     = {The Egalitarian Origins of the Fantasy Battle Game},
 year         = {2019},
 tags         = {1980s,UK,history,margaret_thatcher,politics,table_top_game,warhammer},
 file         = {/media/john/data/library/pdfs/2019/Bajiee/When Warhammer Was Radical The Egalitarian Origins of the Fantasy Battle Game.pdf},
 url          = {https://wearethemutants.com/2019/01/14/when-warhammer-was-radical-the-egalitarian-origins-of-the-fantasy-battle-game/},
 url2         = {https://web.archive.org/web/20211120030733/https://wearethemutants.com/2019/01/14/when-warhammer-was-radical-the-egalitarian-origins-of-the-fantasy-battle-game/},
}

@blog{zucconi22:_world_gener_minec,
 author       = {Zucconi, Alan},
 title        = {The World Generation of Minecraft},
 year         = {2022},
 tags         = {biomes,game_development,minecraft,procedural_content},
 file         = {/media/john/data/library/pdfs/2022/Zucconi/Zucconi_2022_The_World_Generation_of_Minecraft.pdf},
 url          = {https://www.alanzucconi.com/2022/06/05/minecraft-world-generation/},
}
