@book{alighieri20:_purgat,
 author       = {Alighieri, Dante},
 title        = {Purgatory},
 year         = {1320},
 tags         = {christianity,history,poetry,politics,purgatory},
 file         = {/media/john/data/library/pdfs/1320/Alighieri/Alighieri_1320_Purgatory.epub},
 number       = {2},
 publisher    = {Gutenberg.org},
 series       = {The Divine Comedy},
}

@book{kant97:_metap_elemen_ethic,
 author       = {Kant, Immanuel},
 title        = {The Metaphysical Elements of Ethics},
 year         = {1797},
 tags         = {duty,ethics,metaphysics,philosophy,virtue},
 file         = {/media/john/data/library/pdfs/1797/Kant/Kant_1797_The_Metaphysical_Elements_of_Ethics.pdf},
 isbn         = {978-1-60450-178-0},
 publisher    = {Arc Manor},
 republished  = {2008},
}

@book{bourgoin79_les_,
 author       = {Bourgoin, Jules},
 title        = {Les \'el\'ements de l'art arabe},
 subtitle     = {Le trait des entrelacs},
 year         = {1879},
 tags         = {__image,history},
 file         = {/media/john/data/library/pdfs/1879/Bourgoin/Bourgoin_1879_Les_lments_de_l_art_arabe.pdf},
 publisher    = {Firmin-Didot},
 url          = {https://archive.org/details/gri_33125012261786/page/n17/mode/thumb},
}

@book{silber85_illus_,
 author       = {Silber and Ltd, Fleming},
 title        = {Illustrated pattern-book of furniture, carpets, rugs, linoleums, floor cloths, curtains, window blinds, table linen, towellings, blankets, etc. Vol. I},
 year         = {1885},
 tags         = {__image,design,furniture,history,interior_design},
 publisher    = {J.S Virtue and Co},
 url          = {https://archive.org/details/SilberandFlemingIllustratedPatternBookOfFurnitureCarpets1885/mode/1up},
}

@book{james02:_variet_relig_exper,
 author       = {James, William},
 title        = {The Varieties of Religious Experience},
 year         = {1902},
 tags         = {mysticism,religion,saint_lines},
 abstract     = {The article reviews the book ``THE VARIETIES OF RELIGIOUS EXPERIENCE,'' by William James.},
 file         = {/media/john/data/library/pdfs/1902/James/James_1902_The_Varieties_of_Religious_Experience.pdf},
 isbn         = {0674932250},
 issn         = {14678705},
 pmid         = {20949044},
 publisher    = {Brooks Divinity School},
}

@book{kakfa25:_trial,
 author       = {Kakfa, Franz},
 tags         = {bureaucracy},
 title        = {The Trial},
 year         = {1925},
 edition      = {2009},
 file         = {/media/john/data/library/pdfs/1925/Kakfa/_09662.pdf},
 isbn         = {978-0-19-923829-3},
 publisher    = {Oxford University Press},
 translator   = {Mike Mitchell},
}

@book{de48:_ethic_ambig,
 author       = {De Beauvoir, Simone},
 title        = {The Ethics of Ambiguity},
 year         = {1948},
 tags         = {action,ambiguity,ethics,existentialism,freedom,philosophy,simone_de_beauvoir},
 file         = {/media/john/data/library/pdfs/1948/De/De_1948_The_Ethics_of_Ambiguity.pdf},
 isbn         = {0-8065-0160-X},
 publisher    = {Citadel Press},
}

@book{parsons54:_essay_sociol_theor,
 author       = {Parsons, Talcott},
 title        = {Essays in Sociological Theory},
 year         = {1954},
 tags         = {action,democracy,economics,institution,institutional_change,japan,social_structure,sociology},
 file         = {/media/john/data/library/pdfs/1954/Parsons/Parsons_1954_Essays_in_Sociological_Theory.pdf},
 publisher    = {Simon and Schuster},
}

@book{bester58:_starb,
 author       = {Bester, Alfred},
 title        = {Starburst},
 year         = {1958},
 tags         = {fiction,humour,poetry,sci_fi},
 file         = {/media/john/data/library/pdfs/1958/Bester/Bester_1958_Starburst.epub},
 isbn         = {978-1112685965},
 publisher    = {Signet},
}

@book{al-hudaibi00:_princ_polit_in_islam,
 author       = {Al-Hudaibi, Muhammad M.},
 title        = {The Principles of Politics In Islam},
 year         = {2000},
 tags         = {history,human_rights,islam,politics},
 edition      = {2},
 file         = {/media/john/data/library/pdfs/2000/AlHudaibi/AlHudaibi_2000_The_Principles_of_Politics_In_Islam.pdf},
 isbn         = {977-265-185-8},
 publisher    = {Islamic Inc},
}

@book{croshaw22:_will_save_galax_food,
 author       = {Croshaw, Yahtzee},
 title        = {Will Save the Galaxy for Food},
 year         = {2022},
 tags         = {fiction,science_fiction},
 file         = {/media/john/data/library/pdfs/2022/Croshaw/Croshaw_2022_Will_Save_the_Galaxy_for_Food.epub},
 isbn         = {978-1506701653},
 publisher    = {Dark Horse Books},
}

@book{chacon22:_pro_git,
 author       = {Chacon, Scott and Straub, Ben},
 title        = {Pro Git},
 year         = {2022},
 tags         = {git,reference,version_control},
 edition      = {2},
 file         = {/media/john/data/library/pdfs/2022/Chacon/Chacon_2022_Pro_Git.pdf},
 identifier   = {2.1.359-2-g27002dd},
 publisher    = {Apress},
 url          = {https://git-scm.com/book/en/v2/},
}

@book{pujol23:_collap_of_freed_of_expres,
 author       = {Jordi Pujol},
 isbn         = {978-0-268-20398-6},
 publisher    = {University of Notre Dame Press},
 file         = {/media/john/data/library/pdfs/2023/Pujol/The Collapse of Freedom of Expression.pdf},
 title        = {The Collapse Of Freedom Of Expression: Reconstructing The Ancient Roots Of Modern Liberty},
 tags         = {religion,politics,freedom,charlie_hebdo,freedom_of_expression,censorship,hate_speech,laws},
 year         = {2023},
}

@book{wilson23:_softw_desig_examp,
 author       = {Greg Wilson},
 tags         = {technology,python,software_enginering,design},
 url2         = {git@github.com:gvwilson/sdxpy.git},
 url          = {https://third-bit.com/sdxpy/},
 title        = {Software Design by Example},
 year         = {2023},
 publisher    = {Third Bit},
 isbn         = {},
}
