@booklet{review33:_birth_contr_review_XVII,
 author       = {Review, Birth Control},
 title        = {Birth Control Review},
 year         = {1933},
 tags         = {birth_control,eugenics},
 file         = {/media/john/data/library/pdfs/1933/Review/Review_1933_Birth_Control_Review.pdf},
 month        = {April},
 number       = {4},
 volume       = {XVII},
}

@booklet{daume12_cours_machin_learn_,
 author       = {Daum\'e, III, Hal},
 title        = {A Course in Machine Learning},
 year         = {2012},
 tags         = {bayesian,decision_tree,education,geometry,graphical_models,kernal,machine_learning,nearest_neighbours,neural_network,perceptron,probability,text_book},
 file         = {/media/john/data/library/pdfs/2012/Daum/Daum_2012_A_Course_in_Machine_Learning.pdf},
 url          = {http://ciml.info/},
}

@booklet{wagner21_dagst_repor_11_1_,
 editor       = {Wagner, Michael},
 title        = {Dagstuhl Reports},
 year         = {2021},
 journal      = {Schloss Dagstuhl - Leibniz-Zentrum f\"ur Informatik},
 tags         = {MAS,__important,agents,algorithm,autonomous_agents,hyperagent,interaction,modal_logic,norms,persuasion,protocol,scalable,semantic_web,sentient_web,stigmergy},
 doi          = {10.4230/DAGREP.11.1.I},
 file         = {/media/john/data/library/pdfs/2021/Wagner/Wagner_2021_Dagstuhl_Reports.pdf},
 number       = {1},
 url          = {https://drops.dagstuhl.de/opus/volltexte/2021/14532/},
 volume       = {11},
}

@booklet{wagner22:_dagst_repor_11,
 editor       = {Wagner, Michael},
 title        = {Dagstuhl Reports},
 year         = {2022},
 journal      = {Schloss Dagstuhl - Leibniz-Zentrum f\"ur Informatik},
 tags         = {ASP,SAT,__important,ai,answer_set_programming,behavioural_types,chatbot,conversational_agent,description_logic,ethics,grey_failure,humour,idris,integrated_deduction,knowledge_graph,monad,session_types,small_talk,type_system},
 doi          = {10.4230/DAGREP.11.8.I},
 file         = {/media/john/data/library/pdfs/2022/Wagner/Wagner_2022_Dagstuhl_Reports.pdf},
 number       = {8},
 url          = {https://drops.dagstuhl.de/opus/volltexte/2022/15765/},
 volume       = {11},
}

@booklet{chibber18:_catal_2,
 author       = {Chibber, Vivek},
 title        = {Catalyst},
 subtitle     = {A Journal of Theory \& Strategy},
 year         = {2018},
 tags         = {africa,cambridge,cambridge_analytica,history,palo_alto,pierre_bourdieu,politics,science,south_africa},
 file         = {/media/john/data/library/pdfs/2018/Chibber/Chibber_2018_Catalyst.pdf},
 number       = {1},
 publisher    = {Jacobin},
 volume       = {2},
}
