@case{stempvoort22:_brief_onion_amicus_curiae_novak_city_parma,
 author        = {Stempvoort, Stephen J. Van and Portinga, D. Andrew and Johnson, Miller},
 title         = {Brief of The Onion as Amicus Curiae in Novak v City of Parma},
 short_parties = {Novak V City of Parma},
 year          = {2022},
 institution   = {Court of Appeals For the Sixth Circuit},
 country       = {United States},
 tags          = {censorship,free_speech,humour,law,lawsuit,ohio,parody,police_violence},
 file          = {/media/john/data/library/pdfs/2022/Stempvoort/Stempvoort_2022_Brief_of_The_Onion_as_Amicus_Curiae_in_N.pdf},
 identifier    = {22-293},
 url           = {https://www.supremecourt.gov/docket/docketfiles/html/public/22-293.html},
}
