@dataset{technologies23:_terms_servic_repos,
 author       = {Unity Technologies},
 title        = {Terms of Service Repository},
 year         = {2023},
 url          = {https://github.com/Unity-Technologies/TermsOfService},
 tags         = {github,terms_of_service,game_development,unity},
}

@dataset{bonica23:_datab_ideol_money_polit_elect_dime,
 author       = {Adam Bonica},
 identifier   = {v3},
 url          = {https://data.stanford.edu/dime},
 title        = {Database on Ideology, Money in Politics, and Elections (DIME): Public version},
 tags         = {elections,ideology,data_sets,database,politics},
 year         = {2023},
 institution  = {Stanford University},
}
