@game{dixon23:_treac_turn,
 author       = {Dixon, Aemilia and Green, Berbank and Li, Changbai and Trout, Cristian and Kokotajlo, Daniel and Holloway, Iris and von Wendt, Karl},
 title        = {The Treacherous Turn},
 year         = {2023},
 tags         = {__important,AGI,game_ai,role_playing,game,ai},
 file         = {/media/john/data/library/pdfs/2023/Dixon/Dixon_2023_The_Treacherous_Turn.pdf},
 file2        = {/media/john/data/library/pdfs/2023/Dixon/_38c8f.pdf},
 platform     = {tabletop},
 url          = {https://thetreacherousturn.ai/},
}
