@judicial{marshall03,
 author        = {Marshall, John},
 short_parties = {Marbury v Madison},
 year          = {1803},
 tags          = {SCOTUS,constitution,federalism,judicial_nullification,judicial_opinion,judiciary,jurisdiction},
 file          = {/media/john/data/library/pdfs/1803/Marshall/Marshall_1803_Marbury_v_Madison.pdf},
}

@judicial{douglas43_murdoc_penns_,
 author       = {Douglas, William O.},
 title        = {Murdock v Pennsylvania},
 year         = {1943},
 tags         = {SCOTUS,free_speech,judicial_opinion,judiciary,religious_freedom,taxation},
 file         = {/media/john/data/library/pdfs/1943/Douglas/Douglas_1943_Murdock_v_Pennsylvania.pdf},
}

@judicial{brennan64_new_york_times_sulliv_,
 author        = {Brennan, William J.},
 short_parties = {New York Times v Sullivan},
 year          = {1964},
 tags          = {SCOTUS,free_speech,judicial_opinion,judiciary,libel,malicious_intent,public_figures},
 file          = {/media/john/data/library/pdfs/1964/Brennan/Brennan_1964_New_York_Times_v_Sullivan.pdf},
}

@judicial{powell73:_san_anton_rodrig,
 author       = {Powell, Lewis F.},
 title        = {San Antonio v Rodriguez},
 year         = {1973},
 tags         = {SCOTUS,education,judicial_opinion,judiciary,property_tax,public_education,taxation},
 dissenting   = {Brennan and White and Marshall},
 file         = {/media/john/data/library/pdfs/1973/Powell/Powell_1973_San_Antonio_v_Rodriguez.pdf},
}

@judicial{brennan89_texas_johns_,
 author       = {Brennan, William J.},
 title        = {Texas v Johnson},
 year         = {1989},
 tags         = {SCOTUS,desecration_of_flags,flag,free_speech,judicial_opinion,judiciary,symbolic_speech},
 dissenting   = {Rehnquist and Stevens},
 file         = {/media/john/data/library/pdfs/1989/Brennan/Brennan_1989_Texas_v_Johnson.pdf},
}

@judicial{rehnquist02_zelman_simmon_harris_,
 author       = {Rehnquist, William},
 title        = {Zelman v Simmons-Harris},
 year         = {2002},
 tags         = {SCOTUS,education,judicial_opinion,judiciary,religious_freedom,school_vouchers},
 dissenting   = {Stevens and Souter and Breyer},
 file         = {/media/john/data/library/pdfs/2002/Rehnquist/Rehnquist_2002_Zelman_v_Simmons_Harris.pdf},
}

@judicial{scalia08:_colum_heller,
 author       = {Scalia, Antonin},
 title        = {Columbia v Heller},
 year         = {2008},
 tags         = {2nd_amendment,SCOTUS,antonin_scalia,gun_control,judicial_opinion,judiciary},
 dissenting   = {Stevens and Breyer},
 file         = {/media/john/data/library/pdfs/2008/Scalia/Scalia_2008_Columbia_v_Heller.pdf},
}

@judicial{roberts14_mccut_feder_elect_commis_,
 author       = {Roberts, John},
 title        = {McCutcheon v Federal Election Commission},
 year         = {2014},
 tags         = {SCOTUS,elections,free_speech,judicial_opinion,judiciary,political_donations},
 dissenting   = {Breyer},
 file         = {/media/john/data/library/pdfs/2014/Roberts/Roberts_2014_McCutcheon_v_Federal_Election_Commission.pdf},
}

@judicial{hale19_r_miller_appel_prime_minis_,
 author       = {Hale, Lady and Reed, Lord and Kerr, Lord and Wilson, Lord and Carnwath, Lord and Hodge, Lord and Black, Lady and Lloyd-Jones, Lord and Arden, Lady and Kitchin, Lord and Sales, Lord},
 title        = {R (on the application of Miller) (Appellant) v The Prime Minister (Respondent) Cherry and others (Respondents) v Advocate General for Scotland (Appellant) (Scotland)},
 year         = {2019},
 tags         = {UK,brexit,law,politics},
 file         = {/media/john/data/library/pdfs/2019/Hale/Hale_2019_R_on_the_application_of_Miller_Appell.pdf},
 month        = {Sep},
}

@judicial{richman22,
 author        = {Richman, Priscilla},
 short_parties = {Harness v Watson},
 year          = {2022},
 institution   = {United States Court of Appeals for the Fifth Circuit},
 tags          = {mississippi,institutional_racism,racism},
 file          = {/media/john/data/library/pdfs/2022/Richman/Richman_2022_Harness_v_Watson.pdf},
 identifier    = {19-60632},
}
