@law{langton15:_magna_carta,
 author       = {Langton, Stephen},
 title        = {Magna Carta},
 year         = {1215},
 tags         = {UK,charters,divine_right_of_kings,feudalism,history,monarchy,parliament,royal_charter,royalty,taxation},
 file         = {/media/john/data/library/pdfs/1215/Langton/Langton_1215_Magna_Carta.pdf},
 url          = {https://web.archive.org/web/20060925221246/http://www.courts.ky.gov/research/history.htm},
}

@law{warner23:_restr_act,
 author       = {Warner, Mark},
 title        = {RESTRICT Act},
 year         = {2023},
 institution  = {US Senate},
 country      = {USA},
 tags         = {internet,censorship,technology},
 file         = {/media/john/data/library/pdfs/2023/Warner/Warner_2023_RESTRICT_Act.pdf},
 url          = {https://www.congress.gov/bill/118th-congress/senate-bill/686},
}
