@manual{adams87:_bureauc,
 author       = {Adams, Douglas},
 title        = {Bureaucracy},
 year         = {1987},
 institution  = {Infocom},
 tags         = {__important,bureaucracy,interactive_fiction,manual},
 file         = {/media/john/data/library/pdfs/1987/Adams/Adams_1987_Bureaucracy.pdf},
 url          = {https://archive.org/details/game_manual_Bureaucracy},
}

@manual{software91:_simcit,
 author       = {Software, Maxis},
 title        = {SimCity},
 subtitle     = {Dr Wright's Urban Planning Guide},
 year         = {1991},
 tags         = {SNES,game_manuals,sim_city,simulation,urban_design},
 file         = {/media/john/data/library/pdfs/1991/Software/Software_1991_SimCity.pdf},
 url          = {https://archive.org/details/sim-city-usa},
}

@manual{microprose94:_sid_meier_colon_manual,
 author      = {MicroProse},
 title       = {Sid Meier's Colonization Manual},
 year        = {1994},
 tags        = {america,colonialism,game_manuals,history,strategy},
 file        = {/media/john/data/library/pdfs/1994/MicroProse/MicroProse_1994_Sid_Meier_s_Colonization_Manual.pdf},
 url         = {https://archive.org/details/colonization_manual},
}

@manual{geschke01_pdf_refer_,
 author       = {Geschke, Chuck and Warnock, John},
 title        = {PDF Reference},
 year         = {2001},
 institution  = {Adobe Systems Incorporated},
 tags         = {adobe,reference},
 edition      = {3},
 file         = {/media/john/data/library/pdfs/2001/Geschke/Geschke_2001_PDF_Reference.pdf},
 isbn         = {0-201-75839-3},
 number       = {1.4},
 publisher    = {Addison-Wesley},
 url          = {https://opensource.adobe.com/dc-acrobat-sdk-docs/pdfstandards/pdfreference1.4.pdf},
}

@manual{derbinsky10_soar_rl_manual_,
 author       = {Derbinsky, Nate and Gorski, Nick and Laird, John and Marinier, Bob and Wang, Yongjia},
 title        = {Soar-RL Manual},
 year         = {2010},
 institution  = {SOAR},
 tags         = {SOAR,manual,reference,technical,text_book},
 file         = {/media/john/data/library/pdfs/2010/Derbinsky/Derbinsky_2010_Soar_RL_Manual.pdf},
 number       = {1.0.1},
 pages        = {1--30},
 url          = {https://soar.eecs.umich.edu/},
}

@manual{force14_distan_world_,
 author       = {Force, Code},
 title        = {Distant Worlds},
 subtitle     = {Universe Game Manual},
 year         = {2014},
 tags         = {4x,game,manual,modding,simulation},
 file         = {/media/john/data/library/pdfs/2014/Force/_27706.pdf},
 file2        = {/media/john/data/library/pdfs/2014/Force/Force_2014_Distant_Worlds.pdf},
 publisher    = {Code Force},
 url          = {https://www.slitherine.com/game/distant-worlds-universe},
}

@manual{netlogo16_netlog_,
 author       = {NetLogo},
 title        = {Netlogo User Manual},
 year         = {2016},
 tags         = {netlogo,programming,reference,technical,text_book},
 file         = {/media/john/data/library/pdfs/2016/NetLogo/NetLogo_2016_Netlogo_User_Manual_bae38.pdf},
 file2        = {/media/john/data/library/pdfs/2016/NetLogo/NetLogo_2016_Netlogo_User_Manual.pdf},
 number       = {5.3.1},
 url          = {http://ccl.northwestern.edu/netlogo/},
}

@manual{state20_absen_votin_guide_regis_voter_,
 author       = {of State, Georgia Secretary},
 title        = {Absentee Voting A Guide for Registered Voters},
 year         = {2020},
 institution  = {Georgia Secretary of State},
 tags         = {2020,absentee_voting,election,georgia,guide,voting},
 file         = {/media/john/data/library/pdfs/2020/State/State_2020_Absentee_Voting_A_Guide_for_Registered_V.pdf},
 url          = {https://georgia.gov/vote-absentee-ballot},
}

@manual{team22:_scons_user_guide,
 author       = {Team, The SCons Development},
 title        = {SCons User Guide},
 year         = {2022},
 tags         = {build_tool,python,scons,software_engineering},
 file         = {/media/john/data/library/pdfs/2022/Team/Team_2022_SCons_User_Guide.pdf},
 number       = {4.4.0},
 url          = {https://scons.org/},
}

@manual{team23:_latex,
 author       = {Team, LaTeX Project},
 title        = {LaTeX 2e font selection},
 year         = {2023},
 tags         = {fonts,latex},
 file         = {/media/john/data/library/pdfs/2023/Team/Team_2023_LaTeX_2e_font_selection.pdf},
}
