@misc{fontaine20_illum_mario_scenes_laten_space_,
 author       = {Fontaine, Matthew C. and Liu, Ruilin and Khalifa, Ahmed and Modi, Jignesh and Togelius, Julian and Hoover, Amy K. and Nikolaidis, Stefanos},
 title        = {Illuminating Mario Scenes in the Latent Space of a Generative Adversarial Network},
 year         = {2020},
 tags         = {GAN,MAP_Elites,latent_space,mario,quality_diversity},
 archiveprefix= {arXiv},
 eprint       = {2007.05674},
 file         = {2020/Fontaine/Fontaine_2020_Illuminating_Mario_Scenes_in_the_Latent_.pdf},
 primaryclass = {cs.AI},
}
