@musicscore{bach30:_concer_violin_minor_bwv10,
 author       = {Bach, J. S},
 title        = {Concerto for Violin in A Minor, BWV104},
 year         = {1730},
 tags         = {music},
 file         = {/media/john/data/library/pdfs/1730/Bach/Bach_1730_Concerto_for_Violin_in_A_Minor_BWV104.pdf},
}
