@online{haeyoung02:_activ_legac_ibm_black_worker_allian,
 author       = {Ann Haeyoung},
 file         = {/media/john/data/library/pdfs/2002/Haeyoung/The Activist Legacy of the IBM Black Workers Alliance WIRED.pdf},
 title        = {The Activist Legacy of the IBM Black Workers Alliance},
 year         = {2002},
 url          = {https://www.wired.com/story/tech-organizing-labor-ibm-history/},
 tags         = {IBM,history,race,labour,unions},
}

@online{malone11:_big_idea,
 author       = {Malone, Thomas W. and Laubacher, Robert and Johns, Tammy},
 title        = {The Big Idea},
 subtitle     = {The Age of Hyperspecialization},
 year         = {2011},
 tags         = {capitalism,specialisation,division_of_labour,economics},
 file         = {/media/john/data/library/pdfs/2011/Malone/Malone_2011_The_Big_Idea.pdf},
 url          = {https://hbr.org/2011/07/the-big-idea-the-age-of-hyperspecialization},
}

@online{wundergeek13:_jim_sterl,
 author       = {Wundergeek},
 file         = {/media/john/data/library/pdfs/2013/Wundergeek/An interview with Jim Sterling about sexism in game culture Gaming As Women.pdf},
 title        = {An interview with Jim Sterling about sexism in game culture},
 year         = {2013},
 url          = {https://web.archive.org/web/20141222073519/http://www.gamingaswomen.com/posts/2013/06/an-interview-with-jim-sterling-about-sexism-in-game-culture/},
 tags         = {sexism,game_culture,stephanie_sterling,feminism},
}

@online{mcgaughy17:_dear_suther_sprin,
 author       = {Lauren McGaughy},
 file         = {/media/john/data/library/pdfs/2017/Mcgaughy/Dear Sutherland Springs, you deserve an apology from the news media.pdf},
 title        = {Dear Sutherland Springs, you deserve an apology from the news media},
 year         = {2017},
 url          = {https://www.dallasnews.com/opinion/commentary/2017/11/09/dear-sutherland-springs-you-deserve-an-apology-from-the-news-media/},
 tags         = {sutherland_springs,mass_shooting,gun_violence,texas,journalism},
}

@online{eric18:_how_would_nasa_balan,
 author       = {Vh Eric},
 file         = {/media/john/data/library/pdfs/2018/Eric/How Would NASA Balance 40K – Variance Hammer.pdf},
 title        = {How Would NASA Balance 40K?},
 year         = {2018},
 url          = {https://variancehammer.com/2018/06/04/how-would-nasa-balance-40k/},
 tags         = {40k,game_design,game_meta,balance},
}

@online{jones19:_cruel,
 author       = {Alexi Jones},
 file         = {/media/john/data/library/pdfs/2019/Jones/Cruel and unusual punishment When states don’t provide air conditioning in prison Prison Policy Initiative.pdf},
 title        = {Cruel and unusual punishment: When states don't provide air conditioning in prison},
 year         = {2019},
 url          = {https://www.prisonpolicy.org/blog/2019/06/18/air-conditioning/},
 tags         = {mass_incarceration,air_conditioning,cruelty,climate_change,texas,police_violence},
}

@online{play20:_probl_plato,
 author       = {Play, The History Of How We},
 title        = {The Problems with PLATO},
 year         = {2020},
 tags         = {Role_Playing_Games,interactive_fiction,PLATO,history},
 file         = {/media/john/data/library/pdfs/2020/Play/Play_2020_The_Problems_with_PLATO.pdf},
 url          = {https://thehistoryofhowweplay.wordpress.com/2020/10/29/the-problems-with-plato/},
}

@online{kanu22:_polic,
 author       = {Kanu, Kassan},
 title        = {Police are not primarily crime fighters, according to the data},
 year         = {2022},
 tags         = {crime,police_violence,journalism,traffic_laws},
 file         = {/media/john/data/library/pdfs/2022/Kanu/Kanu_2022_Police_are_not_primarily_crime_fighters_.pdf},
 url          = {https://www.reuters.com/legal/government/police-are-not-primarily-crime-fighters-according-data-2022-11-02/},
}

@online{international23:_kellog_kraft_secur_victor_price,
 author       = {Competition Policy International},
 file         = {/media/john/data/library/pdfs/2023/International/Kellogg, Kraft Secure Victory in Price-Fixing Lawsuit Against Egg Producers.pdf},
 title        = {Kellogg, Kraft Secure Victory in Price-Fixing Lawsuit Against Egg Producers},
 year         = {2023},
 url          = {https://www.pymnts.com/cpi_posts/kellogg-kraft-secure-victory-in-price-fixing-lawsuit-against-egg-producers/},
 tags         = {kellogg,kraft,eggs,capitalism,price_fixing,lawsuit},
}

@online{wagner23:_archit_must_refus_profit_from_ruins_pales,
 author       = {Kate Wagner},
 file         = {/media/john/data/library/pdfs/2023/Wagner/Architects Must Refuse to Profit From the Ruins of Palestine The Nation.pdf},
 title        = {Architects Must Refuse to Profit From the Ruins of Palestine},
 year         = {2023},
 url          = {https://www.thenation.com/article/world/gaza-rebuilding-urban-ruin-development/},
 tags         = {zionism,gaza,israel,architecture},
}

@online{weill-greenberg23:_new_jersey_state_polic_sued,
 author       = {Elizabeth Weill-Greenberg},
 file         = {/media/john/data/library/pdfs/2023/Weill-greenberg/New Jersey State Police Sued for Sharing Criminal Records Slated for Expungement - The Appeal.pdf},
 title        = {New Jersey State Police Sued for Sharing Criminal Records Slated for Expungement},
 year         = {2023},
 url          = {https://theappeal.org/new-jersey-state-police-criminal-record-expungement/},
 tags         = {privacy,police_violenc,new_jersey},
}

@online{baekdal23,
 author       = {Thomas Baekdal},
 file         = {/media/john/data/library/pdfs/2023/Baekdal/The future trend around not having social traffic at scale - Baekdal.pdf},
 title        = {The future trend around not having social traffic at scale},
 year         = {2023},
 url          = {https://baekdal.com/strategy/the-future-trend-around-not-having-social-traffic-at-scale/84077F55DCCD4F3C875B8449020AD4F2BA4469560BCD0BE15EE758EC2010D078},
 tags         = {micro_finance,social_media},
}
