@article{simon97:_futur_infor_system_71,
 author       = {Simon, Herbert A.},
 title        = {The Future of Information Systems},
 year         = {1997},
 journal      = {Ann. Oper. Res.},
 tags         = {__untagged},
 bibsource    = {dblp computer science bibliography, https://dblp.org},
 biburl       = {https://dblp.org/rec/journals/anor/Simon97.bib},
 pages        = {3--14},
 timestamp    = {Thu, 13 Aug 2020 01:00:00 +0200},
 volume       = {71},
 doi          = {10.1023/A:1018975616482},
 url          = {https://doi.org/10.1023/A:1018975616482},
}

@inproceedings{epstein15_agent_,
 author       = {Epstein, Joshua M.},
 title        = {Agent\_zero and generative social science},
 year         = {2015},
 booktitle    = {Proceedings of the 2015 Winter Simulation Conference, Huntington Beach, CA, USA, December 6-9, 2015},
 tags         = {__untagged},
 bibsource    = {dblp computer science bibliography, https://dblp.org},
 biburl       = {https://dblp.org/rec/conf/wsc/Epstein15.bib},
 pages        = {1865},
 publisher    = {IEEE/ACM},
 timestamp    = {Thu, 10 Jun 2021 22:19:03 +0200},
}
