@proceedings{josselson67:_proceed_confer_comput_relat_seman_analy,
 editor       = {Josselson, Harry H.},
 title        = {Proceedings of the Conference on Computer Related Semantic Analysis},
 year         = {1967},
 tags         = {algorithm,natural_language,semantics},
 file         = {/media/john/data/library/pdfs/1967/Josselson/AD0655073.pdf},
 url          = {https://apps.dtic.mil/sti/citations/AD0655073},
}

@proceedings{84:_gurt_,
 editor       = {Schiffrin, Deborah},
 title        = {GURT '84},
 subtitle     = {Meaning, Form, and Use in Context: Linguistic Applications},
 year         = {1984},
 tags         = {linguistics,pragmatics,semantics,taxonomy,textuality},
 file         = {/media/john/data/library/pdfs/1984/Schiffrin/GURT_1984.pdf},
 isbn         = {0-8740-119-9},
 publisher    = {Georgetown University Press},
 url          = {https://repository.library.georgetown.edu/bitstream/handle/10822/555477/GURT_1984.pdf},
}

@proceedings{riley94:_third_confer_clips,
 editor       = {Riley, Gary},
 title        = {Third Conference on CLIPS},
 year         = {1994},
 tags         = {CLIPS,MIRO,RETE,ai,c_plus_plus,expert_system,production_system,robotics,rule,rule_engine},
 file         = {/media/john/data/library/pdfs/1994/Riley/Riley_1994_Third_Conference_on_CLIPS_08627.pdf},
 file2        = {/media/john/data/library/pdfs/1994/Riley/Riley_1994_Third_Conference_on_CLIPS.pdf},
 url          = {https://ntrs.nasa.gov/citations/19950013209},
}

@proceedings{leite04_declar_agent_languag_techn_,
 editor       = {Leite, Joao and Omicini, Andrew and Sterling, Leon and Torroni, Paolo},
 title        = {Declarative Agent Languages and Technologies},
 subtitle     = {First International Workshop, DALT 2003},
 year         = {2003},
 tags         = {Coo_BDI,MAS,agents,cooperation,deliberation,expectation,framework,ignorance_logic,institution,linear_logic,logic,observation,operational_semantics,reconfiguration,restricted_entailment,social_integrity_constraints,speech_act,text_book},
 doi          = {10.1007/b97923},
 file         = {/media/john/data/library/pdfs/2003/Leite/Leite_2003_Declarative_Agent_Languages_and_Technolo.pdf},
 isbn         = {3540405798},
 publisher    = {Springer},
 url          = {http://dx.doi.org/10.1007/b97923},
}

@proceedings{04:_deont_logic_comput_scien_,
 editor       = {Lomuscio, Alessio and Donald Nute},
 isbn         = {3-540-22111-5},
 file         = {/media/john/data/library/pdfs/2004/Lomuscio/deontic-logic-in-computer-science-2004.pdf},
 DATE_ADDED   = {Tue Sep 26 21:42:11 2023},
 title        = {Deontic Logic in Computer Science},
 series       = {Lecture Notes in Computer Science},
 publisher    = {Springer Berlin Heidelberg},
 year         = {2004},
 doi          = {10.1007/b98159},
 url          = {http://dx.doi.org/10.1007/b98159},
}

@proceedings{ohare04:_engin_societ_agent_world_iv_3071,
 editor       = {O'Hare, Gregory M.P and Ricci, Alessandro and O'Grady, Michael J. and Dikenelli, Oguz},
 title        = {Engineering Societies in the Agents World IV},
 year         = {2004},
 journal      = {Lecture Notes in Computer Science},
 tags         = {ADELFE,AOP,MAS,OOP,__to_fix,activity,ad_hoc_networks,agents,conflict_resolution,constraints,coordination,linda_tuple_space,norms,ontology,open_systems,organisation_oriented_programming,protocol,regulation,reification,reusability,social_patterns,society,software_engineering,specification,swarm_intelligence,taxonomy,trust},
 doi          = {10.1007/b98212},
 file         = {/media/john/data/library/pdfs/2004/OHare/OHare_2004_Engineering_Societies_in_the_Agents_Worl.pdf},
 isbn         = {978-3-540-22231-6},
 issn         = {0302-9743},
 pmid         = {1000198484},
 publisher    = {Springer},
 url          = {http://dx.doi.org/10.1007/b98212},
 volume       = {3071},
}

@proceedings{verdicchio20:_comput_commun_aesth_x_,
 editor       = {Verdicchio, Mario and Carvalhais, Miguel and Ribas, Lu{\'\i}sa and Rangel, Andr\'e},
 title        = {Computation, Communication, Aesthetics \& X (xCoAx)},
 year         = {2020},
 tags         = {__untagged},
 file         = {/media/john/data/library/pdfs/2020/Verdicchio/Verdicchio_2020_Computation_Communication_Aesthetics_.pdf},
 isbn         = {978-989-746-266-5},
 url          = {http://proceedings.xcoax.org/},
}
