@report{rogers20_census_united_states_volum_v_,
 author       = {Rogers, Sam L. and Steuart, W.Mh},
 title        = {14th Census of the United States, Volume V},
 subtitle     = {Agriculture},
 year         = {1920},
 institution  = {US Department of Commerce, Bureau of the Census},
 tags         = {USDA,agriculture,census,farming,history,race,statistics},
 file         = {/media/john/data/library/pdfs/1920/Rogers/Rogers_1920_14th_Census_of_the_United_States_Volume.pdf},
 url          = {http://usda.mannlib.cornell.edu/usda/AgCensusImages/1920/Farm_Statistics_By_Color_and_Tenure.pdf},
 url2         = {http://agcensus.mannlib.cornell.edu/AgCensus/censusParts.do?year=1920},
}

@report{feigenbaum70_gener_probl_solvin_,
 author       = {Feigenbaum, Edward A. and Buchanan, Bruce G. and Lederberg, Joshua},
 title        = {On Generality and Problem Solving},
 subtitle     = {A Case Study Using the DENDRAL Program},
 year         = {1970},
 institution  = {Stanford University},
 tags         = {DENDRAL,heuristics,production_systems},
 file         = {/media/john/data/library/pdfs/1970/Feigenbaum/Feigenbaum_1970_On_Generality_and_Problem_Solving_A_Cas.pdf},
 url          = {https://apps.dtic.mil/sti/citations/AD0715128},
}

@report{moynihan81_iran_,
 author       = {Moynihan, Neil},
 title        = {Iran; Nicaragua; Cuba;},
 subtitle     = {An Analysis of Revolutions},
 year         = {1981},
 institution  = {Colby University},
 tags         = {cuba,iran,nicaragua,politics,revolution},
 file         = {/media/john/data/library/pdfs/1981/Moynihan/Moynihan_1981_Iran_Nicaragua_Cuba_.pdf},
 url          = {https://digitalcommons.colby.edu/honorstheses/610},
}

@report{brooks91:_intel_without_reason,
 author       = {Brooks, Rodney A},
 title        = {Intelligence Without Reason},
 year         = {1991},
 institution  = {Massachusetts Institute of Technology},
 tags         = {ai,reasoning,review,robotics},
 file         = {/media/john/data/library/pdfs/1991/Brooks/Brooks_1991_Intelligence_Without_Reason.pdf},
}

@report{makinson01:_what_input_ouput_logic,
 author       = {Makinson, David and van der Torre, Leendert},
 title        = {What is Input-Ouput Logic?},
 year         = {2001},
 institution  = {n.d},
 tags         = {__printed,calculus,deontic_logic,input_output_logics,logic,reusable,semantics,social_secretary},
 file         = {/media/john/data/library/pdfs/2001/Makinson/Makinson_2001_What_is_Input_Ouput_Logic.pdf},
}

@report{cochrane05_writin_tips_ph_,
 author       = {Cochrane, John H},
 title        = {Writing Tips for Ph.d Students},
 year         = {2005},
 institution  = {University of Chicago},
 tags         = {__printed,methods,research,writing},
 file         = {/media/john/data/library/pdfs/2005/Cochrane/Cochrane_2005_Writing_Tips_for_Ph_d_Students.pdf},
}

@report{spitkovsky09_baby_steps_,
 author       = {Spitkovsky, Valentin I and Jurafsky, Dan},
 title        = {Baby Steps},
 subtitle     = {How ``Less is More'' in Unsupervised Dependency Parsing},
 year         = {2009},
 institution  = {Google},
 tags         = {NLP,dependency_parsing,machine_learning},
 file         = {/media/john/data/library/pdfs/2009/Spitkovsky/Spitkovsky_2009_Baby_Steps.pdf},
 pages        = {1--10},
}

@report{doran10_towar_proced_quest_gener_,
 author       = {Doran, Jonathon and Parberry, Ian},
 title        = {Towards Procedural Quest Generation},
 subtitle     = {A Structural Analysis of Rpg Quests},
 year         = {2010},
 institution  = {University of North Texas},
 tags         = {NPC,RPG,action,procedural_content,quest,structure,taxonomy},
 abstract     = {An analysis of several role playing games indicates that player quests share common elements, and that these quests may be abstractly represented using a small expressive language. One benefit of this representation is that it can guide procedural content generation by allowing quests to be generated using this abstraction, and then later converting them into a concrete form within a game's domain.},
 file         = {/media/john/data/library/pdfs/2010/Doran/Doran_2010_Towards_Procedural_Quest_Generation.pdf},
}

@report{meyer18_level_,
 author       = {Meyer, Bruce and Sullivan, James and others},
 title        = {Levels and changes in income poverty, consumption poverty and material well-being},
 subtitle     = {A response to Shaefer and Rivera (2018)},
 year         = {2018},
 institution  = {American Enterprise Institute},
 tags         = {criticism,economics,inequality,labour,metrics,poverty},
 file         = {/media/john/data/library/pdfs/2018/Meyer/Meyer_2018_Levels_and_changes_in_income_poverty_co.pdf},
}

@report{fox19_cybor_littl_stalin_,
 author       = {Fox, Amos C.},
 title        = {``Cyborgs at Little Stalingrad''},
 subtitle     = {A Brief History of the Battles of the Donetsk Airport},
 year         = {2019},
 institution  = {Institute of Land Warfare},
 tags         = {donetsk,history,information_warfare,russia,ukraine,warfare},
 file         = {/media/john/data/library/pdfs/2019/Fox/Fox_2019_Cyborgs_at_Little_Stalingrad.pdf},
 url          = {https://www.ausa.org/publications/cyborgs-little-stalingrad-brief-history-battles-donetsk-airport-26-may-2014-21-january},
}
