@review{reed23:_reed_dykst_uncer_empir_routin,
 author       = {Bradly Reed},
 journal      = {H-Asia},
 file         = {/media/john/data/library/pdfs/2023/Reed/review_59763.pdf},
 title        = {Reed on Dykstra, 'Uncertainty in the Empire of Routine: The Administrative Revolution of the Eighteenth-Century Qing State'},
 year         = {2023},
 url          = {https://networks.h-net.org/group/reviews/20007641/reed-dykstra-uncertainty-empire-routine-administrative-revolution-eighteenth},
 tags         = {historiography,history,critique},
}

@review{qiao23:_was_there_admin_revol,
 author       = {George Zhijian Qiao},
 tags         = {history,review,critique,academia,historiography},
 file         = {/media/john/data/library/pdfs/2023/Qiao/was-there-an-administrative-revolution.pdf},
 DATE_ADDED   = {Mon Oct 2 14:43:24 2023},
 title        = {Was There an Administrative Revolution?},
 journal      = {Journal of Chinese History},
 year         = {2023},
 pages        = {1-20},
 doi          = {10.1017/jch.2023.19},
 url          = {http://dx.doi.org/10.1017/jch.2023.19},
}
