@standard{artifacts23:_slsa_proven,
 author       = {Supply-Chain Levels For Software Artifacts},
 institution  = {Open Source Security Foundation},
 tags         = {cybersecurity,data_provenance,software_engineering,SLSA},
 url          = {https://slsa.dev/spec/v1.0/provenance},
 title        = {SLSA Provenance},
 year         = {2023},
 file         = {/media/john/data/library/pdfs/2023/Artifacts/SLSA Provenance.pdf},
}

@standard{(cisa)23:_types_softw_bill_mater_sbom_docum,
 author       = {Cybersecurity \& Infrastructure Security Agency (Cisa)},
 url          = {https://www.cisa.gov/resources-tools/resources/types-software-bill-materials-sbom},
 institution  = {Cybersecurity \& Infrastructure Security Agency (CISA)},
 tags         = {software_engineering,cybersecurity,taxonomy,software_bill_of_material,SBOM},
 title        = {Types of Software Bill of Materials (SBOM) Documents},
 year         = {2023},
 file         = {/media/john/data/library/pdfs/2023/(cisa)/sbom-types-document-508c.pdf},
}

@standard{amstutz23:_common_workf_languag_cwl_comman,
 title        = {Common Workflow Language (CWL) Command Line Tool Description},
 file         = {/media/john/data/library/pdfs/2023/Amstutz/Common Workflow Language (CWL) Command Line Tool Description, v1.2.pdf},
 publisher    = {Common Workflow Language Project},
 author       = {Peter Amstutz and Michael B Crusoe and Kaushik Ghose and John Chilton and Michael Franklin and Bogdan Gavrilovic and Stian Soiland-Reyes},
 url          = {https://www.commonwl.org/v1.2/},
 tags         = {technical_standards,workflow,CWL,common_workflow_language},
 identifier   = {v1.2},
 institution  = {Software Freedom Conservancy},
 year         = {2023},
}

@standard{iso18:_common_logic_cl,
 author      = {ISO},
 title       = {Common Logic (CL) - A framework for a family of logic-based languages},
 year        = {2018},
 institution = {The Interntional Organization for Standardization},
 tags        = {XML,common_logic,semantic_web,standardization,syntax},
 file        = {/media/john/data/library/pdfs/2018/ISO/ISO_2018_Common_Logic_CL_A_framework_for_a_fa.pdf},
 identifier  = {ISO/IEC 24707:2018(E)},
 url         = {https://www.iso.org/standard/66249.html},
}
