@techreport{research76:_introd_cp_m_featur_facil,
 author       = {Research, Digital},
 title        = {An Introduction to CP/M Features and Facilities},
 year         = {1976},
 tags         = {CP_M,IBM,file_management,history,source_code},
 file         = {/media/john/data/library/pdfs/1976/Research/CPM_1.3_An_Introduction_to_CPM_Features_and_Facilities_1976.pdf},
 url          = {https://computerhistory.org/blog/early-digital-research-cpm-source-code/},
}

@techreport{brown20:_languag_model_few_shot_learn,
 author       = {Brown, Tom B. and Mann, Benjamin and Ryder, Nick and Subbiah, Melanie and Kaplan, Jared and Dhariwal, Prafulla and Neelakantan, Arvind and Shyam, Pranav and Sastry, Girish and Askell, Amanda and Agarwal, Sandhini and Herbert-Voss, Ariel and Krueger, Gretchen and Henighan, Tom and Child, Rewon and Ramesh, Aditya and Ziegler, Daniel M. and Wu, Jeffrey and Winter, Clemens and Hesse, Christopher and Chen, Mark and Sigler, Eric and Litwin, Mateusz and Gray, Scott and Chess, Benjamin and Clark, Jack and Berner, Christopher and McCandlish, Sam and Radford, Alec and Sutskever, Ilya and Amodei, Dario},
 title        = {Language Models are Few-Shot Learners},
 year         = {2020},
 institution  = {OpenAI},
 tags         = {NLP,machine_learning,GPT_3},
 date_added   = {Wed Mar 29 10:59:53 2023},
 doi          = {10.48550/ARXIV.2005.14165},
 file         = {/media/john/data/library/pdfs/2020/Brown/Brown_2020_Language_Models_are_Few_Shot_Learners.pdf},
 url          = {https://arxiv.org/abs/2005.14165},
}

@techreport{fergusson23:_gener_harms,
 editor       = {Fergusson, Grant and Schroeder, Calli and Winters, Ben and Zhou, Enid},
 title        = {Generating Harms},
 subtitle     = {Generative AI's Impact \& Paths Forward},
 year         = {2023},
 institution  = {Electronic Privacy Information Center},
 tags         = {harm,misinformation,LLMs,generative_ai},
 file         = {/media/john/data/library/pdfs/2023/Fergusson/Fergusson_2023_Generating_Harms.pdf},
 url          = {https://epic.org/wp-content/uploads/2023/05/EPIC-Generative-AI-White-Paper-May2023.pdf},
}

@techreport{autor19:_work_futur,
 author       = {Autor, David and Mindell, David A. and Reynolds, Elisabeth B.},
 title        = {The Work of the Future},
 subtitle     = {Shaping Technology and Institutions},
 year         = {2019},
 institution  = {MIT},
 tags         = {automation,robotics,division_of_labour,employment,ai,capitalism,labour},
 file         = {/media/john/data/library/pdfs/2019/Autor/Autor_2019_The_Work_of_the_Future.pdf},
 url          = {https://workofthefuture.mit.edu/research-post/the-work-of-the-future-shaping-technology-and-institutions/},
}
