@unpublished{ostrom83:_overv_rule_config,
 author       = {Ostrom, Elinor},
 title        = {An Overview of Rule Configurations},
 year         = {1983},
 tags         = {__important,rule,taxonomy,working_paper},
 file         = {/media/john/data/library/pdfs/1983/Ostrom/Ostrom_1983_An_Overview_of_Rule_Configurations.pdf},
 url          = {https://hdl.handle.net/10535/4525},
}

@unpublished{leake06_requir_b_,
 author       = {Leake, Jason},
 title        = {Requirements specification for the prototype card deck modelling system},
 year         = {2006},
 tags         = {card_game,project,requirements_specification,software_engineering},
 file         = {/media/john/data/library/pdfs/2006/Leake/Leake_2006_Requirements_specification_for_the_proto.pdf},
 note         = {MSc Project},
 pages        = {1--16},
}

@unpublished{evans13_versu_sdk_,
 author       = {Evans, Richard and Short, Emily},
 title        = {Versu SDK 0.1 Beta},
 year         = {2013},
 tags         = {__printed,authoring,narrative,praxis,simulation,social_practice,versu},
 file         = {/media/john/data/library/pdfs/2013/Evans/Evans_2013_Versu_SDK_0_1_Beta.pdf},
 file2        = {/media/john/data/library/pdfs/2013/Evans/Evans_2013_Versu_SDK_0_1_Beta.txt},
 month        = {July},
 note         = {Part of Versu SDK},
}

@unpublished{gelfond20:_causal_analy_event_occur_trajec_dynam_domain,
 author       = {Gelfond, Michael and Balai, Evgenii},
 title        = {Causal Analysis of Events Occuring in Trajectories of Dynamic Domains},
 year         = {2020},
 tags         = {agents,answer_set_programming,causality,consistency_restoring_rules,p_log,probabilistic_reasoning},
 file         = {/media/john/data/library/pdfs/2020/Gelfond/Gelfond_2020_Causal_Analysis_of_Events_Occuring_in_Tr.pdf},
}
