\documentclass[12pt]{article}
\usepackage[version=3]{mhchem}
\usepackage{url}
\usepackage[numbers]{natbib}
\usepackage[colorlinks=true, linkcolor=blue, urlcolor=blue, pdfstartview=FitH]{hyperref}
\usepackage{doi}
\begin{document}
\nocite{*}
\bibliographystyle{/Volumes/documents/github/emacs_files/modules/domain-specific/bibtex/jg_custom.bst}
\bibliography{%target}
\end{document}
